%%%%%%%%%%%%%%%%%%%%%%%
%% ARTÍCULO EN LIBRO %%
%%%%%%%%%%%%%%%%%%%%%%%
Primer apellido, Inicial del nombre. (Año de publicación). Título del capítulo. En Inicial del nombre. Primer apellido (Ed.), cursiva Título del libro (pp. incial-final del artículo). Ciudad de publicación: Editorial.
@incollection{,
	author = {Valles, Piero},
	year = {2020},
	title = {capítulo 1:asdas},
	editor = {apelldio, nombre},
	booktitle = {},
	edition = {},
	pages = {},
	address = {},    
	publisher = {},
	url = {},
}

%%%%%%%%%%%%%%%%%%%%%%%%%
%% ARTÍCULO EN REVISTA %%
%%%%%%%%%%%%%%%%%%%%%%%%%
Primer apellido, Inicial del nombre. (Año de publicación). Título del artículo. cursiva Título de la revista, volumen(número), pp. inicial-final. Recuperado de URL 
@article{,
	author = {},
	year = {},  	
	title = {},
	journal	= {},
	volume = {},
	number = {},
	
	pages = {pp. },
	url = {}
}

%%%%%%%%%%%%%%%%%%%%%%%%%%%%
%% INFORME DE INSTITUCIÓN %%
%%%%%%%%%%%%%%%%%%%%%%%%%%%%
@book{ss,
	title = {{ }}, 
	author = {},
	year = {},
	address = {},
	url = {}
}

%%%%%%%%%%%%%%%%%
%% DICCIONARIO %%
%%%%%%%%%%%%%%%%% 
Nombre de la Institución. (Año). Nombre del diccionario (n.° de edición, a partir de la 2. a ). Consultado en URL original completo
@book{diccionario,
	author = {{}},
	year = {},	
	title = {Diccionario de la lengua española},
	edition = {},
	url = {},	
}



%%%%%%%%%%%
%% LIBRO %%
%%%%%%%%%%%
@book{palabraclave,
	title={{Título}},
	author={Apellido, Nombre},
	Publisher={{Ciudad: Editorial}},
	year={Años},
	edition = {Edición},
	url={link}
}


%%%%%%%%%%%%%%%%%%%%%%%%%%
%% CAPÍTULO DE UN LIBRO %%
%%%%%%%%%%%%%%%%%%%%%%%%%%
@inbook{capitulo,
	booktitle = {Lo que el dinero no puede comprar},
	editor = {},
	title = {Incentivos},
	chapter = {},
	author = {, Michael}, 
	publisher = {Debate},
	pages = {49--96},
	year = {2013},
	edition = {},
	country = {Bogotá, Colombia},
	url = {}
}

%%%%%%%%%%%%%%%%%%%%%%%%%%%%%%%%%%%%%
%% ARTÍCULO DE PERIÓDICO SIN AUTOR %%
%%%%%%%%%%%%%%%%%%%%%%%%%%%%%%%%%%%%%
@article{,
	author = {{ }},
	year = { }, 
	month = {día de mes},
	title = {{ }},
	url = { }
}


%%%%%%%%%%%%%%%%%%%%%%%%%%%%%%%%%%%%%
%% ARTÍCULO DE PERIÓDICO CON AUTOR %%
%%%%%%%%%%%%%%%%%%%%%%%%%%%%%%%%%%%%%
@article{,
	author = {Apellido, nombre},
	year = { }, 
	month = {día de mes},
	title = {{ }},
	journal = {{ }},
	url = { }
}


%%%%%%%%%%%%%%%%%%%%%%
%% FORMATO DE TESIS %%
%%%%%%%%%%%%%%%%%%%%%%
Primer apellido, Inicial del nombre. (Año). cursiva Título de la tesis (Tesis de Grado por optar). Recuperado de URL original completo

@thesis{ID,
	author = {Apellidos, Nombres},
	title = {título de tesis},
	type = {Tesis de },
	institution = {Universidad, ciudad},
	year = {año},
	url = {link}
}


%%%%%%%%%%%%%%%
%%%% VIDEO %%%%
%%%%%%%%%%%%%%%

@article{,
	title={{\em título}},
	author={apellido, nombre},
	year={año},
	url = {link}
}